%reservoir sampling
@article{maibdr1983,
    title = {A Convenient Algorithm for Drawing a Simple Random Sample},
    author = {McLeod, A. I. and Bellhouse, D. R.},
    journal = {Journal of the Royal Statistical Society. Series C (Applied Statistics)},
    pages = {pp. 182-184},
    year = {1983},
}



@article{Vitter:1985:RSR:3147.3165,
 author = {Vitter, Jeffrey S.},
 title = {Random Sampling with a Reservoir},
 journal = {ACM Trans. Math. Softw.},
 issue_date = {March 1985},
 year = {1985},
 pages = {37--57},
} 

%MDL
@book{Grunwald:2007:MDL:1213810,
 author = {Gr\"{u}nwald, Peter D.},
 title = {The Minimum Description Length Principle (Adaptive Computation and Machine Learning)},
 year = {2007},
 publisher = {The MIT Press},
} 

%apiori
@inproceedings{apriori,
 author = {Agrawal, Rakesh and Srikant, Ramakrishnan},
 title = {Fast Algorithms for Mining Association Rules in Large Databases},
 booktitle = {VLDB},
 year = {1994},
 pages = {487--499},
} 

@inproceedings{Srikant:1996:MQA:233269.233311,
 author = {Srikant, Ramakrishnan and Agrawal, Rakesh},
 title = {Mining Quantitative Association Rules in Large Relational Tables},
 booktitle = {SIGMOD},
 year = {1996},
 pages = {1--12},
} 

@inproceedings{Miller:1997:ARO:253260.253361,
 author = {Miller, R. J. and Yang, Y.},
 title = {Association Rules over Interval Data},
 booktitle = {SIGMOD},
 year = {1997},
 pages = {452--461},
} 

@ARTICLE{1411744, 
author={Jianyong Wang and Jiawei Han and Ying Lu and Tzvetkov, P.}, 
journal={Knowledge and Data Engineering, IEEE Transactions on}, 
title={TFP: an efficient algorithm for mining top-k frequent closed itemsets}, 
year={2005}, 
pages={652--663}, 
}

@inproceedings{Han:2000:MFP:342009.335372,
 author = {Han, Jiawei and Pei, Jian and Yin, Yiwen},
 title = {Mining Frequent Patterns Without Candidate Generation},
 booktitle = {SIGMOD},
 year = {2000},
 pages = {1--12},
} 

% Table Summarization
@article{Sarawagi:2001:UMA:767141.767148,
 author = {Sarawagi, Sunita},
 title = {User-cognizant Multidimensional Analysis},
 journal = {The VLDB Journal},
 year = {2001},
 pages = {224--239},
} 

@inproceedings{Sarawagi00user-adaptiveexploration,
    author = {Sunita Sarawagi},
    title = {User-Adaptive Exploration of Multidimensional Data},
	booktitle = {VLDB},
    year = {2000},
	pages = {307--316}
}

@article{DBLP:journals/pvldb/GebalyAGKS14,
  author    = {Kareem El Gebaly and
               Parag Agrawal and
               Lukasz Golab and
               Flip Korn and
               Divesh Srivastava},
  title     = {Interpretable and Informative Explanations of Outcomes},
  journal   = {{PVLDB}},
  year      = {2014},
  pages     = {61--72},
}

@INPROCEEDINGS{Sarawagi98discovery-drivenexploration,
    author = {Sunita Sarawagi and Rakesh Agrawal and Nimrod Megiddo},
    title = {Discovery-driven Exploration of OLAP Data Cubes},
    booktitle = {EDBT},
    year = {1998},
    pages = {168--182},
}

@inproceedings{Bu:2005:MSH:1083592.1083644,
 author = {Bu, Shaofeng and Lakshmanan, Laks V. S. and Ng, Raymond T.},
 title = {MDL Summarization with Holes},
 booktitle = {VLDB},
 year = {2005},
 pages = {433--444},
} 

@INPROCEEDINGS{Geerts04tilingdatabases,
    author = {Floris Geerts and Bart Goethals and Taneli Mielikäinen},
    title = {Tiling Databases},
    booktitle = {Discovery Science},
    year = {2004},
    pages = {278--289},
}

@article{Golab:2008:GNT:1453856.1453900,
 author = {Golab, Lukasz and Karloff, Howard and Korn, Flip and Srivastava, Divesh and Yu, Bei},
 title = {On Generating Near-optimal Tableaux for Conditional Functional Dependencies},
 journal = {Proc. VLDB Endow.},
 year = {2008},
 pages = {376--390},
} 
@article{DBLP:journals/debu/GolabKS11,
  author    = {Lukasz Golab and
               Flip Korn and
               Divesh Srivastava},
  title     = {Efficient and Effective Analysis of Data Quality using Pattern Tableaux},
  journal   = {{IEEE} Data Eng. Bull.},
  volume    = {34},
  number    = {3},
  pages     = {26--33},
  year      = {2011},
  url       = {http://sites.computer.org/debull/A11sept/golab.pdf},
  timestamp = {Mon, 24 Oct 2011 17:54:13 +0200},
  biburl    = {http://dblp.uni-trier.de/rec/bib/journals/debu/GolabKS11},
  bibsource = {dblp computer science bibliography, http://dblp.org}
}

@inproceedings{Lakshmanan:2002:GMA:1287369.1287435,
 author = {Lakshmanan, Laks V. S. and Ng, Raymond T. and Wang, Christine Xing and Zhou, Xiaodong and Johnson, Theodore J.},
 title = {The Generalized MDL Approach for Summarization},
 booktitle = {VLDB},
 year = {2002},
 pages = {766--777},
} 

@inproceedings{Mampaey:2011:TMI:2020408.2020499,
 author = {Mampaey, Michael and Tatti, Nikolaj and Vreeken, Jilles},
 title = {Tell Me What I Need to Know: Succinctly Summarizing Data with Itemsets},
 booktitle = {KDD},
 year = {2011},
 pages = {573--581},
} 

@inproceedings{DBLP:conf:kdd:XiangJFD08,
  author    = {Yang Xiang and
               Ruoming Jin and
               David Fuhry and
               Feodor F. Dragan},
  title     = {Succinct summarization of transactional databases: an overlapped hyperrectangle
               scheme},
  booktitle = {KDD},
  pages     = {758--766},
  year      = {2008},
}


@INPROCEEDINGS{sellam:meet,
AUTHOR = "Thibault Sellam and Martin L. Kersten",
TITLE = "Meet Charles, big data query advisor",
BOOKTITLE = "CIDR'13",
PAGES = {-1--1},
YEAR = {2013}, 
}

@INPROCEEDINGS{6691587, 
author={Sidirourgos, L. and Kersten, M. and Boncz, P.}, 
booktitle={Big Data, 2013 IEEE International Conference on}, 
title={Scientific discovery through weighted sampling}, 
year={2013}, 
pages={300-306}, 
}

@inproceedings{cetintemel2013query,
  title={Query Steering for Interactive Data Exploration},
  author={Cetintemel, Ugur and Cherniack, Mitch and DeBrabant, Justin and Diao, Yanlei and Dimitriadou, Kyriaki and Kalinin, Alexander and Papaemmanouil, Olga and Zdonik, Stanley B},
  booktitle={CIDR},
  year={2013},
}

@inproceedings{data-deluge,
	title = {The researcher's guide to the data deluge: Querying a scientific database in just a few seconds},
	author = {M. L. Kersten and S. Idreos and S. Manegold and E. Liarou},
	booktitle = {VLDB'11},
  year = {2011},
}

@inproceedings{DBLP:conf/edbt/CandanCQS09,
  author    = {K. Sel{\c{c}}uk Candan and
               Huiping Cao and
               Yan Qi and
               Maria Luisa Sapino},
  title     = {AlphaSum: size-constrained table summarization using value lattices},
  booktitle = {EDBT},
  year      = {2009},
  pages     = {96--107},
}

@misc{gartner,
  author = {Ravi Kalakota},
  title = {Gartner: BI and Analytics a \$12.2 Billion market, July 2013 (Retrieved October 30, 2014)},
  year = {},
}

@TechReport {export:69578,
author       = {Adam Bosworth and Jim Gray and Andrew Layman and Hamid Pirahesh},
institution  = {Microsoft Research},
pages        = {21},
title        = {Data Cube:  A Relational Aggregation Operator Generalizing Group-By, Cross-Tab,
                and Sub-Totals},
year         = {1995},
}

%sampling in DBs
@inproceedings{Agarwal:2013:BQB:2465351.2465355,
 author = {Agarwal, Sameer and Mozafari, Barzan and Panda, Aurojit and Milner, Henry and Madden, Samuel and Stoica, Ion},
 title = {BlinkDB: Queries with Bounded Errors and Bounded Response Times on Very Large Data},
 booktitle = {EuroSys},
 year = {2013},
 pages = {29--42}
} 

@inproceedings{Acharya:1999:AAQ:304182.304581,
 author = {Acharya, Swarup and Gibbons, Phillip B. and Poosala, Viswanath and Ramaswamy, Sridhar},
 title = {The Aqua Approximate Query Answering System},
 booktitle = {SIGMOD'99},
 year = {1999},
 pages = {574--576}
} 

%datasets
@misc{uciml,
author = "K. Bache and M. Lichman",
year = "2013",
title = "{UCI} Machine Learning Repository",
url = "http://archive.ics.uci.edu/ml",
institution = "University of California, Irvine, School of Information and Computer Sciences" 
}

% tech report
@misc{tr,
  howpublished = "http://arxiv.org/pdf/1412.0364v1.pdf"
}
% howpublished = "https://www.stanford.edu/\string~manasrj/Papers/SmartDrillDown.pdf"

@misc{dataset1,
  howpublished = "Marketing Dataset http://statweb.stanford.edu/~tibs/ElemStatLearn/datasets/marketing.info.txt"
}

%from KDD reviewers
@inproceedings{Sathe:2001:IRM:645927.672366,
 author = {Sathe, Gayatri and Sarawagi, Sunita},
 title = {Intelligent Rollups in Multidimensional OLAP Data},
 booktitle = {Proceedings of the 27th International Conference on Very Large Data Bases},
 series = {VLDB '01},
 year = {2001},
} 

@article{Vreeken:2011:KMI:1969593.1969615,
 author = {Vreeken, Jilles and Leeuwen, Matthijs and Siebes, Arno},
 title = {Krimp: Mining Itemsets That Compress},
 journal = {Data Min. Knowl. Discov.},
 year = {2011},
}

@inproceedings{Bringmann:2007:ICDM,
  author = {Bringmann, B. and Katholieke, Leuven and Zimmermann, A.},
  title = {The Chosen Few: On Identifying Valuable Patterns},
  booktitle = {ICDM},
  year = {2007},
}

@inproceedings{Goethals:2011:MFI:2020408.2020529,
 author = {Goethals, Bart and Moens, Sandy and Vreeken, Jilles},
 title = {MIME: A Framework for Interactive Visual Pattern Mining},
 booktitle = {Proceedings of the 17th ACM SIGKDD International Conference on Knowledge Discovery and Data Mining},
 series = {KDD '11},
 year = {2011},
} 

@inproceedings{Yan:2005:SIP:1081870.1081907,
 author = {Yan, Xifeng and Cheng, Hong and Han, Jiawei and Xin, Dong},
 title = {Summarizing Itemset Patterns: A Profile-based Approach},
 booktitle = {Proceedings of the Eleventh ACM SIGKDD International Conference on Knowledge Discovery in Data Mining},
 series = {KDD '05},
 year = {2005},
} 

@article{Leeuwen:2012:DSS:2347179.2347243,
 author = {Leeuwen, Matthijs and Knobbe, Arno},
 title = {Diverse Subgroup Set Discovery},
 journal = {Data Min. Knowl. Discov.},
 issue_date = {September 2012},
 volume = {25},
 year = {2012},
} 

@article{Tatti:2014:FRI:2676651.2656261,
 author = {Tatti, Nikolaj and Moerchen, Fabian and Calders, Toon},
 title = {Finding Robust Itemsets Under Subsampling},
 journal = {ACM Trans. Database Syst.},
 issue_date = {September 2014},
 volume = {39},
 year = {2014},
} 

@inproceedings{DeBie:2010:FMI:1816112.1816117,
 author = {De Bie, Tijl and Kontonasios, Kleanthis-Nikolaos and Spyropoulou, Eirini},
 title = {A Framework for Mining Interesting Pattern Sets},
 booktitle = {Proceedings of the ACM SIGKDD Workshop on Useful Patterns},
 series = {UP '10},
 year = {2010},
} 
