%reservoir sampling
@article{maibdr1983,
    jstor_articletype = {research-article},
    title = {A Convenient Algorithm for Drawing a Simple Random Sample},
    author = {McLeod, A. I. and Bellhouse, D. R.},
    journal = {Journal of the Royal Statistical Society. Series C (Applied Statistics)},
    year = {1983},
}



@article{Vitter:1985:RSR:3147.3165,
 author = {Vitter, Jeffrey S.},
 title = {Random Sampling with a Reservoir},
 journal = {ACM Trans. Math. Softw.},
 year = {1985},
} 

%MDL
@book{Grunwald:2007:MDL:1213810,
 author = {Gr\"{u}nwald, Peter D.},
 title = {The Minimum Description Length Principle (Adaptive Computation and Machine Learning)},
 year = {2007},
} 

%apiori
@inproceedings{apriori,
 author = {Agrawal, Rakesh and Srikant, Ramakrishnan},
 title = {Fast Algorithms for Mining Association Rules in Large Databases},
 booktitle = {Proceedings of the 20th International Conference on Very Large Data Bases},
 year = {1994},
} 

@inproceedings{Srikant:1996:MQA:233269.233311,
 author = {Srikant, Ramakrishnan and Agrawal, Rakesh},
 title = {Mining Quantitative Association Rules in Large Relational Tables},
 booktitle = {Proceedings of the 1996 ACM SIGMOD International Conference on Management of Data},
 year = {1996},
} 

@inproceedings{Miller:1997:ARO:253260.253361,
 author = {Miller, R. J. and Yang, Y.},
 title = {Association Rules over Interval Data},
 booktitle = {Proceedings of the 1997 ACM SIGMOD International Conference on Management of Data},
 year = {1997},
} 

@ARTICLE{1411744, 
author={Jianyong Wang and Jiawei Han and Ying Lu and Tzvetkov, P.}, 
journal={Knowledge and Data Engineering, IEEE Transactions on}, 
title={TFP: an efficient algorithm for mining top-k frequent closed itemsets}, 
year={2005}, 
}

@inproceedings{Han:2000:MFP:342009.335372,
 author = {Han, Jiawei and Pei, Jian and Yin, Yiwen},
 title = {Mining Frequent Patterns Without Candidate Generation},
 booktitle = {Proceedings of the 2000 ACM SIGMOD International Conference on Management of Data},
 year = {2000},
} 

% Table Summarization
@article{Sarawagi:2001:UMA:767141.767148,
 author = {Sarawagi, Sunita},
 title = {User-cognizant Multidimensional Analysis},
 journal = {The VLDB Journal},
 year = {2001},
} 

@MISC{Sarawagi00user-adaptiveexploration,
    author = {Sunita Sarawagi},
    title = {User-Adaptive Exploration of Multidimensional Data},
    year = {2000}
}

@article{DBLP:journals/pvldb/GebalyAGKS14,
  author    = {Kareem El Gebaly and
               Parag Agrawal and
               Lukasz Golab and
               Flip Korn and
               Divesh Srivastava},
  title     = {Interpretable and Informative Explanations of Outcomes},
  journal   = {{PVLDB}},
  year      = {2014},
}

@INPROCEEDINGS{Sarawagi98discovery-drivenexploration,
    author = {Sunita Sarawagi and Rakesh Agrawal and Nimrod Megiddo},
    title = {Discovery-driven Exploration of OLAP Data Cubes},
    booktitle = {In Proc. Int. Conf. of Extending Database Technology (EDBT'98},
    year = {1998},
}

@inproceedings{Bu:2005:MSH:1083592.1083644,
 author = {Bu, Shaofeng and Lakshmanan, Laks V. S. and Ng, Raymond T.},
 title = {MDL Summarization with Holes},
 booktitle = {Proceedings of the 31st International Conference on Very Large Data Bases},
 year = {2005},
} 

@INPROCEEDINGS{Geerts04tilingdatabases,
    author = {Floris Geerts and Bart Goethals and Taneli Mielikäinen},
    title = {Tiling Databases},
    booktitle = {Discovery Science},
    year = {2004},
}

@article{Golab:2008:GNT:1453856.1453900,
 author = {Golab, Lukasz and Karloff, Howard and Korn, Flip and Srivastava, Divesh and Yu, Bei},
 title = {On Generating Near-optimal Tableaux for Conditional Functional Dependencies},
 journal = {Proc. VLDB Endow.},
 year = {2008},
} 

@MISC{Golab_efficientand,
    author = {Lukasz Golab and Flip Korn and Divesh Srivastava},
    title = {Efficient and Effective Analysis of Data Quality using Pattern Tableaux},
    year = {}
}

@inproceedings{Lakshmanan:2002:GMA:1287369.1287435,
 author = {Lakshmanan, Laks V. S. and Ng, Raymond T. and Wang, Christine Xing and Zhou, Xiaodong and Johnson, Theodore J.},
 title = {The Generalized MDL Approach for Summarization},
 booktitle = {Proceedings of the 28th International Conference on Very Large Data Bases},
 year = {2002},
} 

@inproceedings{Mampaey:2011:TMI:2020408.2020499,
 author = {Mampaey, Michael and Tatti, Nikolaj and Vreeken, Jilles},
 title = {Tell Me What I Need to Know: Succinctly Summarizing Data with Itemsets},
 booktitle = {Proceedings of the 17th ACM SIGKDD International Conference on Knowledge Discovery and Data Mining},
 year = {2011},
} 

@MISC{Xiang_succinctsummarization,
    author = {Yang Xiang and Ruoming Jin and David Fuhry and Feodor F. Dragan},
    title = {Succinct Summarization of Transactional Databases: An Overlapped Hyperrectangle Scheme},
    year = {}
}

@misc{gartner,
  author = {Ravi Kalakota},
  title = {Gartner: BI and Analytics a \$12.2 Billion market, July 2013 (Retrieved October 30, 2014)},
  year = {},
}

@TechReport {export:69578,
author       = {Adam Bosworth and Jim Gray and Andrew Layman and Hamid Pirahesh},
title        = {Data Cube:  A Relational Aggregation Operator Generalizing Group-By, Cross-Tab,
                and Sub-Totals},
year         = {1995},
}

%sampling in DBs
@inproceedings{Agarwal:2013:BQB:2465351.2465355,
 author = {Agarwal, Sameer and Mozafari, Barzan and Panda, Aurojit and Milner, Henry and Madden, Samuel and Stoica, Ion},
 title = {BlinkDB: Queries with Bounded Errors and Bounded Response Times on Very Large Data},
 booktitle = {Proceedings of the 8th ACM European Conference on Computer Systems},
 year = {2013},
} 

@inproceedings{Acharya:1999:AAQ:304182.304581,
 author = {Acharya, Swarup and Gibbons, Phillip B. and Poosala, Viswanath and Ramaswamy, Sridhar},
 title = {The Aqua Approximate Query Answering System},
 booktitle = {Proceedings of the 1999 ACM SIGMOD International Conference on Management of Data},
 year = {1999},
} 

%datasets
@misc{uciml,
author = "K. Bache and M. Lichman",
year = "2013",
title = "{UCI} Machine Learning Repository",
url = "http://archive.ics.uci.edu/ml",
institution = "University of California, Irvine, School of Information and Computer Sciences" 
}

% tech report
@misc{tr,
  howpublished = "https://www.stanford.edu/\string~manasrj/Papers/SmartDrillDown.pdf"
}